@BOOK{Smith:2012qr,
	title = {{B}ook {T}itle},
	publisher = {Publisher},
	author = {Smith, J.~M. and Jones, A.~B.},
	year = {2012},
	edition = {7th},
}

@ARTICLE{Smith:2013jd,
	author = {Jones, A.~B. and Smith, J.~M.},
	title = {{A}rticle {T}itle},
	journal = {{J}ournal {T}itle},
	year = {2013},
	volume = {13},
	pages = {123-456},
	number = {52},
	month = {March},
	publisher = {Publisher}
}

 @article{Eitel2016, 
 title={Beyond 3-D: The new spectrum of lidar applications for earth and ecological sciences}, volume={186}, ISSN={0034-4257}, DOI={10.1016/j.rse.2016.08.018}, 
 author={Eitel, Jan U. H. and Höfle, Bernhard and Vierling, Lee A. and Abellán, Antonio and Asner, Gregory P. and Deems, Jeffrey S. and Glennie, Craig L. and Joerg, Philip C. and LeWinter, Adam L. and Magney, Troy S. and et al.}, year={2016}, month={Dec}, pages={372–392},
 journal = "Remote Sensing of Environment"}

@article{anders20204d,
  title={4D objects-by-change: Spatiotemporal segmentation of geomorphic surface change from LiDAR time series},
  author={Anders, Katharina and Winiwarter, Lukas and Lindenbergh, Roderik and Williams, Jack G and Vos, Sander E and H{\"o}fle, Bernhard},
  journal={ISPRS Journal of Photogrammetry and Remote Sensing},
  volume={159},
  pages={352--363},
  year={2020},
  publisher={Elsevier}
}
 @article{Lague2013, title={Accurate 3D comparison of complex topography with terrestrial laser scanner: Application to the Rangitikei canyon (N-Z)}, volume={82}, ISSN={09242716}, DOI={10.1016/j.isprsjprs.2013.04.009}, journal={ISPRS Journal of Photogrammetry and Remote Sensing}, author={Lague, Dimitri and Brodu, Nicolas and Leroux, Jérôme}, year={2013}, month={Aug}, pages={10–26} }

 @article{Zahs2019, title={Multi-temporal 3D point cloud-based quantification and analysis of geomorphological activity at an alpine rock glacier using airborne and terrestrial LiDAR}, volume={30}, ISSN={1045-6740}, DOI={10.1002/ppp.2004}, number={3}, journal={Permafrost and Periglacial Processes}, author={Zahs, Vivien and Hämmerle, Martin and Anders, Katharina and Hecht, Stefan and Sailer, Rudolf and Rutzinger, Martin and Williams, Jack G. and Höfle, Bernhard}, year={2019}, month={Jul}, pages={222–238} }

 @article{Brodu_Lague_2012, title={3D terrestrial lidar data classification of complex natural scenes using a multi-scale dimensionality criterion: Applications in geomorphology}, volume={68}, ISSN={0924-2716}, DOI={10.1016/j.isprsjprs.2012.01.006}, journal={ISPRS Journal of Photogrammetry and Remote Sensing}, author={Brodu, N. and Lague, D.}, year={2012}, month={Mar}, pages={121–134} }

 @article{Otepka_2013, title={Georeferenced Point Clouds: A Survey of Features and Point Cloud Management}, volume={2}, DOI={10.3390/ijgi2041038}, number={4}, journal={ISPRS International Journal of Geo-Information}, author={Otepka, Johannes and Ghuffar, Sajid and Waldhauser, Christoph and Hochreiter, Ronald and Pfeifer, Norbert}, year={2013}, month={Dec}, pages={1038–1065} }

 @article{Lichti_Jamtsho_2006, title={Angular resolution of terrestrial laser scanners}, volume={21}, ISSN={1477-9730}, DOI={10.1111/j.1477-9730.2006.00367.x}, number={114}, journal={The Photogrammetric Record}, author={Lichti, Derek D. and Jamtsho, Sonam}, year={2006}, pages={141–160} }
 
 @article{Wujanz_2017, title={An intensity-based stochastic model for terrestrial laser scanners}, volume={125}, ISSN={09242716}, DOI={10.1016/j.isprsjprs.2016.12.006}, journal={ISPRS Journal of Photogrammetry and Remote Sensing}, author={Wujanz, D. and Burger, M. and Mettenleiter, M. and Neitzel, F.}, year={2017}, month={Mar}, pages={146–155} }
 @article{Zame_2014, title={Influence of surface reflectivity on reflectorless electronic distance measurement and terrestrial laser scanning}, volume={8}, ISSN={1862-9024}, DOI={10.1515/jag-2014-0016}, number={4}, journal={Journal of Applied Geodesy}, author={Zámečníková, Miriam and Wieser, Andreas and Woschitz, Helmut and Ressl, Camillo}, year={2014}, pages={311–326} }

@incollection{pfeifer2007investigating,
  title={Investigating terrestrial laser scanning intensity data: quality and functional relations},
  author={Pfeifer, Norbert and Dorninger, Peter and Haring, Alexander and Fan, Hongchao},
  year={2007},
  editor={Gruen, Armin and Kahmen, H.},
  booktitle={Proceedings of International Conference on Optical 3-D Measurement Techniques},
  pages={328--337}
}

@book{borradaile2003statistics,
  title={Statistics of earth science data: their distribution in time, space and orientation},
  author={Borradaile, Graham J},
  year={2003},
  publisher={Springer Science \& Business Media}
}
@book{taylor1997introduction,
  title={Introduction to error analysis, the study of uncertainties in physical measurements},
  author={Taylor, John},
  year={1997}
}
@article{gum,
  title={Evaluation of measurement data—guide to the expression of uncertainty in measurement, JCGM 100: 2008 GUM 1995 with minor corrections},
  author={{BIPM, IEC, IFCC, ILAC, ISO, IUPAC, IUPAP, OIML}},
  journal={Joint Committee for Guides in Metrology},
  year={2008}
}
 @inbook{Hotelling_1992, place={New York, NY}, series={Springer Series in Statistics}, title={The Generalization of Student’s Ratio}, ISBN={978-1-4612-0919-5}, url={https://doi.org/10.1007/978-1-4612-0919-5_4}, DOI={10.1007/978-1-4612-0919-5_4}, booktitle={Breakthroughs in Statistics: Foundations and Basic Theory}, publisher={Springer}, author={Hotelling, Harold}, editor={Kotz, Samuel and Johnson, Norman L.}, year={1992}, pages={54–65}, collection={Springer Series in Statistics} }
 
@article{lane2003estimation,
  title={Estimation of erosion and deposition volumes in a large, gravel-bed, braided river using synoptic remote sensing},
  author={Lane, Stuart N and Westaway, Richard M and Murray Hicks, D},
  journal={Earth Surface Processes and Landforms: The Journal of the British Geomorphological Research Group},
  volume={28},
  number={3},
  pages={249--271},
  year={2003},
  publisher={Wiley Online Library}
}

 @article{James_Robson_Smith_2017, title={3-D uncertainty-based topographic change detection with structure-from-motion photogrammetry: precision maps for ground control and directly georeferenced surveys: 3-D uncertainty-based change detection for SfM surveys}, volume={42}, ISSN={01979337}, DOI={10.1002/esp.4125}, number={12}, journal={Earth Surface Processes and Landforms}, author={James, Mike R. and Robson, Stuart and Smith, Mark W.}, year={2017}, month={Sep}, pages={1769–1788} }
 
@inproceedings{besl1992method,
  title={Method for registration of 3-D shapes},
  author={Besl, Paul J and McKay, Neil D},
  booktitle={Sensor fusion IV: control paradigms and data structures},
  volume={1611},
  pages={586--606},
  year={1992},
  organization={International Society for Optics and Photonics}
}

@article{glira2015correspondence,
  title={A Correspondence Framework for ALS Strip Adjustments based on Variants of the ICP Algorithm Korrespondenzen f{\"u}r die ALS-Streifenausgleichung auf Basis von ICP},
  author={Glira, Philipp and Pfeifer, Norbert and Briese, Christian and Ressl, Camillo},
  journal={Photogrammetrie-Fernerkundung-Geoinformation},
  volume={2015},
  number={4},
  pages={275--289},
  year={2015},
  publisher={E. Schweizerbart'sche Verlagsbuchhandlung}
}

@article{winiwarterherausforderungen,
  title={Herausforderungen in der Fehlerfortpflanzung von Laserscandaten f{\"u}r multitemporale Analysen zur verbesserten Quantifizierung des Level of Detection},
  author={WINIWARTER, LUKAS and ANDERS, KATHARINA and H{\"O}FLE, BERNHARD},
   journal={30. Wissenschaftlich-Technische Jahrestagung der DGPF},
  editor={Kersten, Thomas P.},
  year={2020}
}
@book{cormen2009introduction,
  title={Introduction to algorithms},
  author={Cormen, Thomas H and Leiserson, Charles E and Rivest, Ronald L and Stein, Clifford},
  year={2009},
  publisher={MIT press}
}